@Manual{R-coda,
  title = {coda: Output Analysis and Diagnostics for MCMC},
  author = {Martyn Plummer and Nicky Best and Kate Cowles and Karen Vines and Deepayan Sarkar and Douglas Bates and Russell Almond and Arni Magnusson},
  year = {2015},
  note = {R package version 0.18-1},
  url = {https://CRAN.R-project.org/package=coda},
}
@Manual{R-doParallel,
  title = {doParallel: Foreach Parallel Adaptor for the 'parallel' Package},
  author = {Revolution Analytics and Steve Weston},
  year = {2015},
  note = {R package version 1.0.10},
  url = {https://CRAN.R-project.org/package=doParallel},
}
@Manual{R-fields,
  title = {fields: Tools for Spatial Data},
  author = {Douglas Nychka and Reinhard Furrer and John Paige and Stephan Sain},
  year = {2016},
  note = {R package version 8.4-1},
  url = {https://CRAN.R-project.org/package=fields},
}
@Manual{R-knitr,
  title = {knitr: A General-Purpose Package for Dynamic Report Generation in R},
  author = {Yihui Xie},
  year = {2016},
  note = {R package version 1.14},
  url = {https://CRAN.R-project.org/package=knitr},
}
@Manual{R-mvtnorm,
  title = {mvtnorm: Multivariate Normal and t Distributions},
  author = {Alan Genz and Frank Bretz and Tetsuhisa Miwa and Xuefei Mi and Torsten Hothorn},
  year = {2016},
  note = {R package version 1.0-5},
  url = {https://CRAN.R-project.org/package=mvtnorm},
}
@Manual{R-pscl,
  title = {pscl: Political Science Computational Laboratory, Stanford University},
  author = {Simon Jackman and Alex Tahk and Achim Zeileis and Christina Maimone and Jim Fearon},
  year = {2015},
  note = {R package version 1.4.9},
  url = {https://CRAN.R-project.org/package=pscl},
}
@Manual{R-repmis,
  title = {repmis: Miscellaneous Tools for Reproducible Research},
  author = {Christopher Gandrud},
  year = {2016},
  note = {R package version 0.5},
  url = {https://CRAN.R-project.org/package=repmis},
}
@Manual{R-tikzDevice,
  title = {tikzDevice: R Graphics Output in LaTeX Format},
  author = {Charlie Sharpsteen and Cameron Bracken},
  year = {2016},
  note = {R package version 0.10-1},
  url = {https://CRAN.R-project.org/package=tikzDevice},
}
